<?xml version="1.0" encoding="UTF-8"?><record xmlns="http://www.loc.gov/MARC21/slim" xmlns:cinclude="http://apache.org/cocoon/include/1.0" xmlns:zs="http://www.loc.gov/zing/srw/">
  <leader>00760cz  a2200193n  4500</leader>
  <controlfield tag="001">no 90000113 </controlfield>
  <controlfield tag="003">DLC</controlfield>
  <controlfield tag="005">20100523075536.0</controlfield>
  <controlfield tag="008">900103n| acannaabn          |a ana     c</controlfield>
  <datafield tag="010" ind1=" " ind2=" ">
    <subfield code="a">no 90000113 </subfield>
  </datafield>
  <datafield tag="034" ind1=" " ind2=" ">
    <subfield code="d">W0933457</subfield>
    <subfield code="e">W0933457</subfield>
    <subfield code="f">N0450207</subfield>
    <subfield code="g">N0450207</subfield>
    <subfield code="2">geonames</subfield>
  </datafield>
  <datafield tag="035" ind1=" " ind2=" ">
    <subfield code="a">(OCoLC)oca02677791</subfield>
  </datafield>
  <datafield tag="040" ind1=" " ind2=" ">
    <subfield code="a">MnHi</subfield>
    <subfield code="b">eng</subfield>
    <subfield code="c">MnHi</subfield>
    <subfield code="d">OCoLC</subfield>
  </datafield>
  <datafield tag="151" ind1=" " ind2=" ">
    <subfield code="a">Medina (Minn.)</subfield>
  </datafield>
  <datafield tag="551" ind1=" " ind2=" ">
    <subfield code="a">Hamel (Minn.)</subfield>
  </datafield>
  <datafield tag="670" ind1=" " ind2=" ">
    <subfield code="a">Photographs of Hennepin County, Minn.</subfield>
    <subfield code="b">(Medina, Minnesota)</subfield>
  </datafield>
  <datafield tag="670" ind1=" " ind2=" ">
    <subfield code="a">Upham, W.  Minn. geog. names, 1969:</subfield>
    <subfield code="b">p. 741 (Medina, Hennepin County; inc. 1955)</subfield>
  </datafield>
  <datafield tag="670" ind1=" " ind2=" ">
    <subfield code="a">Rand McNally comm. atl., 1977:</subfield>
    <subfield code="b">p. 307 (Hamel (corporate name Medina); Hennepin [County]; Minnesota)</subfield>
  </datafield>
  <datafield tag="670" ind1=" " ind2=" ">
    <subfield code="a">GeoNames, algorithmically matched, 2009</subfield>
    <subfield code="b">(ppl; 45°02ʹ07ʺN 093°34ʹ57ʺW)</subfield>
  </datafield>
</record>